@article{razmjoo_normative_2018,
 author = {Razmjoo, Shabani and DeVogel, Nicholas and Yoganandan, Narayan and Baisden, Jamie},
 journal = {Spine and Peripheral Nerves Annual Meeting},
 month = {March},
 title = {Normative Study of the Intervertebral Disk Measurement in Young Healthy Adults.},
 year = {2018}
}

