@article{devogel_novel_2019,
 author = {DeVogel, Nicholas and Yoganandan, Narayan and Pintar, Frank A. and Banerjee, Anjishnu},
 journal = {15th Annual Injury Biomechanics Symposium (Abstract accepted)},
 month = {May},
 note = {ABSTRACT ACCEPTED},
 title = {A novel analytical tool to assess spine injury risk in impact biomechanics},
 year = {2019}
}

