@article{szabo_partial_2017,
 author = {Szabo, Aniko and DeVogel, Nicholas},
 journal = {Joint Statistical Meetings},
 month = {August},
 title = {Partial observability with exchangeable binary outcomes},
 year = {2017}
}

