@article{baig_outcomes_2015,
 abstract = {SESSION TITLE: Chest infections Posters II},
 author = {Baig, Saqib and Khan, Ezza and Szabo, Aniko and DeVogel, Nicholas},
 doi = {10.1378/chest.2274855},
 issn = {0012-3692},
 journal = {CHEST},
 language = {English},
 month = {October},
 number = {4},
 pages = {127A},
 title = {Outcomes of Methicillin Resistant Staphylococcus aureus (MRSA) Pneumonia in Adult Patients (\textgreater18 Years)},
 url = {https://journal.chestnet.org/article/S0012-3692(16)36036-6/abstract},
 urldate = {2019-03-12},
 volume = {148},
 year = {2015}
}

