@article{baig_risk_2016,
 author = {Baig, Saqib and Ahmad, Shahryar and Devogel, Nicholas and Szabo, Aniko and Thandra, Krishna and Hussain, Jawad and Khan, Ezza},
 doi = {10.1164/ajrccm-conference.2016.193.1_MeetingAbstracts.A1826},
 journal = {A53. RESPIRATORY FAILURE: RISK FACTORS AND OUTCOMES IN ARDS},
 month = {May},
 pages = {A1826--A1826},
 series = {American Thoracic Society International Conference Abstracts},
 title = {Risk Factors for the Development of Acute Respiratory Distress Syndrome (ARDS) in Patients with Pneumonia, a Nationwide Retrospective Study Using the Nationwide Inpatient Sample  (NIS) Database fromÂ Year 2002-2012},
 url = {https://www.atsjournals.org/doi/abs/10.1164/ajrccm-conference.2016.193.1_MeetingAbstracts.A1826},
 urldate = {2019-03-12},
 year = {2016}
}

