@article{devogel_assessment_2018,
 author = {DeVogel, Nicholas and Bein, Ed},
 journal = {FDA ORISE Conference},
 month = {August},
 title = {Assessment of covariate adjustment methods for binary outcomes in clinical trials},
 year = {2018}
}

