@misc{shabani_normative_2018,
 author = {Shabani, Razmjoo and DeVogel, Nicholas and Yoganandan, Narayan and Baisden, Jamie L.},
 month = {March},
 title = {Normative Study of the Intervertebral Disk Measurement in Young Healthy Adults},
 year = {2018}
}

