@article{devogel_injury_2019,
 author = {DeVogel, Nicholas and Banerjee, Anjishnu and Yoganandan, Narayan},
 journal = {Summer Biomechanics, Bioengineering and Biotransport Conference (Abstract accepted)},
 month = {June},
 title = {Injury Risk Curves Using a Novel (Bayesian) Technique to Describe Human Tolerance in Impact Biomechanics},
 year = {2019}
}

