@article{devogel_comparison_2019,
 author = {DeVogel, Nicholas and Wang, Tao},
 journal = {Eastern North American Region Conference},
 month = {March},
 title = {Comparison of Hypothesis Testing Methods on Random Genetic Effects in Family Data},
 year = {2019}
}

