@article{devogel_evaluation_2017,
 author = {DeVogel, Nicholas and Yoganandan, Narayan and Pintar, Frank and Banerjee, Anjishnu},
 journal = {54th Annual Rocky Mountain Bioengineering Symposium},
 month = {April},
 title = {Evaluation of predictive performance of injury risk curves},
 year = {2017}
}

