@article{devogel_assessment_2018-1,
 author = {DeVogel, Nicholas and Wang, Tao},
 journal = {Population, Evolutionary and Quantitative Genetics Conference},
 month = {May},
 title = {Assessment of population sub-structure in genetic association studies.},
 year = {2018}
}

