@article{khan_outcomes_2015,
 abstract = {SESSION TITLE: Chest infections Posters II},
 author = {Khan, Ezza and Baig, Saqib and Szabo, Aniko and DeVogel, Nicholas},
 doi = {10.1378/chest.2277202},
 issn = {0012-3692},
 journal = {CHEST},
 language = {English},
 month = {October},
 number = {4},
 pages = {126A},
 title = {Outcomes of Methicillin Sensitive Staphylococcus aureus (MSSA) Pneumonia in Adult Patients (\textgreater18 Years)},
 url = {https://journal.chestnet.org/article/S0012-3692(16)36035-4/abstract},
 urldate = {2019-03-12},
 volume = {148},
 year = {2015}
}

