@article{szabo_partial_2017-1,
 author = {Szabo, Aniko and DeVogel, Nicholas},
 journal = {BiostatMCW 2017},
 month = {August},
 title = {Partial observability with exchangeable binary outcomes},
 year = {2017}
}

